@book{engel2006short,
  title     = {A Short Course on Operator Semigroups},
  author    = {Engel, Klaus-Jochen and Nagel, Rainer},
  year      = {2006},
  publisher = {Springer Science \& Business Media}
}


@book{applebaum2019semigroups,
  title     = {Semigroups of Linear Operators},
  author    = {Applebaum, David},
  volume    = {93},
  year      = {2019},
  publisher = {Cambridge University Press}
}

@book{dudley2002real,
  title     = {Real Analysis and Probability},
  author    = {Dudley, Richard M},
  volume    = {74},
  year      = {2002},
  publisher = {Cambridge University Press}
}

@book{cinlar,
  title     = {Probability and Stochastics},
  author    = {\c{C}inlar, Erhan},
  volume    = {261},
  year      = {2011},
  publisher = {Springer Science \& Business Media}
}

@book{meyn2009markov,
  title     = {Markov Chains and Stochastic Stability},
  author    = {Meyn, Sean P and Tweedie, Richard L},
  year      = {2009},
  publisher = {Cambridge University Press}
}


